@article{Thompson_2018,
	doi = {10.3847/1538-4365/aab4f9},
	absurl = {https://doi.org/10.3847%2F1538-4365%2Faab4f9},
	year = {2018},
	month = {4},
	publisher = {American Astronomical Society},
	volume = {235},
	number = {2},
	pages = {38},
	author = {Susan E. Thompson and Jeffrey L. Coughlin and Kelsey Hoffman and Fergal Mullally and Jessie L. Christiansen and Christopher J. Burke and Steve Bryson and Natalie Batalha and Michael R. Haas and Joseph Catanzarite and Jason F. Rowe and Geert Barentsen and Douglas A. Caldwell and Bruce D. Clarke and Jon M. Jenkins and Jie Li and David W. Latham and Jack J. Lissauer and Savita Mathur and Robert L. Morris and Shawn E. Seader and Jeffrey C. Smith and Todd C. Klaus and Joseph D. Twicken and Jeffrey E. Van Cleve and Bill Wohler and Rachel Akeson and David R. Ciardi and William D. Cochran and Christopher E. Henze and Steve B. Howell and Daniel Huber and Andrej Pr{\v{s}}a and Solange V. Ram{\'{\i}}rez and Timothy D. Morton and Thomas Barclay and Jennifer R. Campbell and William J. Chaplin and David Charbonneau and J{\o}rgen Christensen-Dalsgaard and Jessie L. Dotson and Laurance Doyle and Edward W. Dunham and Andrea K. Dupree and Eric B. Ford and John C. Geary and Forrest R. Girouard and Howard Isaacson and Hans Kjeldsen and Elisa V. Quintana and Darin Ragozzine and Megan Shabram and Avi Shporer and Victor Silva Aguirre and Jason H. Steffen and Martin Still and Peter Tenenbaum and William F. Welsh and Angie Wolfgang and Khadeejah A Zamudio and David G. Koch and William J. Borucki},
	title = {Planetary Candidates Observed by Kepler. {VIII}. A Fully Automated Catalog with Measured Completeness and Reliability Based on Data Release 25},
	journal = {The Astrophysical Journal Supplement Series},
}

@article{McCauliff2014AutomaticCO,
    title={Automatic Classification of Kepler Threshold Crossing Events},
    author={Sean D. McCauliff and Jacqueline M. Jenkins and Joseph H. Catanzarite and Christopher J. F. Burke and Jeffrey L. Coughlin and Joseph D. Twicken and Peter Gregory Tenenbaum and Shawn E. Seader and Jie Li and Miles T. Cote},
    year={2014},
    journal={apj},
    volume={806},
    number={1},
    doi={10.1088/0004-637X/806/1/6},
    absurl={https://iopscience.iop.org/article/10.1088/0004-637X/806/1/6}
}


@article{Coughlin_2016,
   title={PLANETARY CANDIDATES OBSERVED BY
                    KEPLER
                    . VII. THE FIRST FULLY UNIFORM CATALOG BASED ON THE ENTIRE 48-MONTH DATA SET (Q1â€“Q17 DR24)},
   volume={224},
   ISSN={1538-4365},
   url={http://dx.doi.org/10.3847/0067-0049/224/1/12},
   DOI={10.3847/0067-0049/224/1/12},
   number={1},
   journal={The Astrophysical Journal Supplement Series},
   publisher={American Astronomical Society},
   author={Coughlin, Jeffrey L. and Mullally, F. and Thompson, Susan E. and Rowe, Jason F. and Burke, Christopher J. and Latham, David W. and Batalha, Natalie M. and Ofir, Aviv and Quarles, Billy L. and Henze, Christopher E. and et al.},
   year={2016},
   month={May},
   pages={12}
}
